@article{Gigerenzer2018,
  title = {Statistical Rituals: The Replication Delusion and How We Got There},
  volume = {1},
  ISSN = {2515-2467},
  url = {http://dx.doi.org/10.1177/2515245918771329},
  DOI = {10.1177/2515245918771329},
  number = {2},
  journal = {Advances in Methods and Practices in Psychological Science},
  publisher = {SAGE Publications},
  author = {Gigerenzer,  Gerd},
  year = {2018},
  month = jun,
  pages = {198–218}
}

@article{Cohen1994,
  title = {The earth is round (p < .05).},
  volume = {49},
  ISSN = {0003-066X},
  url = {http://dx.doi.org/10.1037/0003-066X.49.12.997},
  DOI = {10.1037/0003-066x.49.12.997},
  number = {12},
  journal = {American Psychologist},
  publisher = {American Psychological Association (APA)},
  author = {Cohen,  Jacob},
  year = {1994},
  month = dec,
  pages = {997–1003}
}

@book{Lakens2022,
  doi = {10.5281/ZENODO.6409077},
  url = {https://zenodo.org/record/6409077},
  author = {Lakens,  Daniël},
  title = {Improving Your Statistical Inferences},
  publisher = {Zenodo},
  year = {2022},
}

@misc{Bartos2024,
  doi = {10.48550/ARXIV.2310.04153},
  title={Fair coins tend to land on the same side they started: Evidence from 350,757 flips}, 
  author={František Bartoš and Alexandra Sarafoglou and Henrik R. Godmann and Amir Sahrani and David Klein Leunk and Pierre Y. Gui and David Voss and Kaleem Ullah and Malte J. Zoubek and Franziska Nippold and Frederik Aust and Felipe F. Vieira and Chris-Gabriel Islam and Anton J. Zoubek and Sara Shabani and Jonas Petter and Ingeborg B. Roos and Adam Finnemann and Aaron B. Lob and Madlen F. Hoffstadt and Jason Nak and Jill de Ron and Koen Derks and Karoline Huth and Sjoerd Terpstra and Thomas Bastelica and Magda Matetovici and Vincent L. Ott and Andreea S. Zetea and Katharina Karnbach and Michelle C. Donzallaz and Arne John and Roy M. Moore and Franziska Assion and Riet van Bork and Theresa E. Leidinger and Xiaochang Zhao and Adrian Karami Motaghi and Ting Pan and Hannah Armstrong and Tianqi Peng and Mara Bialas and Joyce Y. -C. Pang and Bohan Fu and Shujun Yang and Xiaoyi Lin and Dana Sleiffer and Miklos Bognar and Balazs Aczel and Eric-Jan Wagenmakers},
  year={2024},
  eprint={2310.04153},
  archivePrefix={arXiv},
}

@BOOK{Kruschke2014,
	AUTHOR = {Kruschke, John},
	YEAR = {2014},
	TITLE = {Doing Bayesian Data Analysis - A Tutorial with R, JAGS, and Stan},
	EDITION = {},
	ISBN = {978-0-124-05916-0},
	PUBLISHER = {Academic Press},
	ADDRESS = {Amsterdam, Boston},
}

@article{Berger1987,
  title = {Testing a Point Null Hypothesis: The Irreconcilability ofP-Values and Evidence},
  volume = {82},
  ISSN = {1537-274X},
  url = {http://dx.doi.org/10.1080/01621459.1987.10478397},
  DOI = {10.1080/01621459.1987.10478397},
  number = {397},
  journal = {Journal of the American Statistical Association},
  publisher = {Informa UK Limited},
  author = {Berger,  James O. and Sellke,  Thomas},
  year = {1987},
  month = mar,
  pages = {112–122}
}

@article{Marsman2016,
  title = {Three Insights from a Bayesian Interpretation of the One-Sided P Value},
  volume = {77},
  ISSN = {1552-3888},
  url = {http://dx.doi.org/10.1177/0013164416669201},
  DOI = {10.1177/0013164416669201},
  number = {3},
  journal = {Educational and Psychological Measurement},
  publisher = {SAGE Publications},
  author = {Marsman,  Maarten and Wagenmakers,  Eric-Jan},
  year = {2016},
  month = oct,
  pages = {529–539}
}

@article{Hubbard2008,
  title = {Why P Values Are Not a Useful Measure of Evidence in Statistical Significance                 Testing},
  volume = {18},
  ISSN = {1461-7447},
  url = {http://dx.doi.org/10.1177/0959354307086923},
  DOI = {10.1177/0959354307086923},
  number = {1},
  journal = {Theory &amp; Psychology},
  publisher = {SAGE Publications},
  author = {Hubbard,  Raymond and Lindsay,  R. Murray},
  year = {2008},
  month = feb,
  pages = {69–88}
}

@article{Perezgonzalez2015,
  title = {P-values as percentiles. Commentary on: "Null hypothesis significance tests. A mix-up of two different theories: the basis for widespread confusion and numerous misinterpretations"},
  volume = {6},
  ISSN = {1664-1078},
  url = {http://dx.doi.org/10.3389/fpsyg.2015.00341},
  DOI = {10.3389/fpsyg.2015.00341},
  journal = {Frontiers in Psychology},
  publisher = {Frontiers Media SA},
  author = {Perezgonzalez,  Jose D.},
  year = {2015},
  month = apr,
}

@article{Greenland2019,
  title = {Valid P-Values Behave Exactly as They Should: Some Misleading Criticisms of P-Values and Their Resolution With S-Values},
  volume = {73},
  ISSN = {1537-2731},
  url = {http://dx.doi.org/10.1080/00031305.2018.1529625},
  DOI = {10.1080/00031305.2018.1529625},
  number = {sup1},
  journal = {The American Statistician},
  publisher = {Informa UK Limited},
  author = {Greenland,  Sander},
  year = {2019},
  month = mar,
  pages = {106–114}
}

@article{Rafi2020,
  title = {Semantic and cognitive tools to aid statistical science: replace confidence and significance by compatibility and surprise},
  volume = {20},
  ISSN = {1471-2288},
  url = {http://dx.doi.org/10.1186/s12874-020-01105-9},
  DOI = {10.1186/s12874-020-01105-9},
  number = {1},
  journal = {BMC Medical Research Methodology},
  publisher = {Springer Science and Business Media LLC},
  author = {Rafi,  Zad and Greenland,  Sander},
  year = {2020},
  month = sep,
}

@article{Cole2020,
  title = {Surprise!},
  volume = {190},
  ISSN = {1476-6256},
  url = {http://dx.doi.org/10.1093/aje/kwaa136},
  DOI = {10.1093/aje/kwaa136},
  number = {2},
  journal = {American Journal of Epidemiology},
  publisher = {Oxford University Press (OUP)},
  author = {Cole,  Stephen R and Edwards,  Jessie K and Greenland,  Sander},
  year = {2020},
  month = jul,
  pages = {191–193}
}

@article{Morey2016,
  title = {The philosophy of Bayes factors and the quantification of statistical evidence},
  volume = {72},
  ISSN = {0022-2496},
  url = {http://dx.doi.org/10.1016/j.jmp.2015.11.001},
  DOI = {10.1016/j.jmp.2015.11.001},
  journal = {Journal of Mathematical Psychology},
  publisher = {Elsevier BV},
  author = {Morey,  Richard D. and Romeijn,  Jan-Willem and Rouder,  Jeffrey N.},
  year = {2016},
  month = jun,
  pages = {6–18}
}

@misc{Allabadi2024,
  title={How to Measure Evidence and Its Strength: Bayes Factors or Relative Belief Ratios?}, 
  author={Luai Al-Labadi and Ayman Alzaatreh and Michael Evans},
  year={2024},
  eprint={2301.08994},
  archivePrefix={arXiv},
  doi={10.48550/arXiv.2301.08994},
}

@article{Etz2017,
  title = {How to become a Bayesian in eight easy steps: An annotated reading list},
  volume = {25},
  ISSN = {1531-5320},
  url = {http://dx.doi.org/10.3758/s13423-017-1317-5},
  DOI = {10.3758/s13423-017-1317-5},
  number = {1},
  journal = {Psychonomic Bulletin &amp; Review},
  publisher = {Springer Science and Business Media LLC},
  author = {Etz,  Alexander and Gronau,  Quentin F. and Dablander,  Fabian and Edelsbrunner,  Peter A. and Baribault,  Beth},
  year = {2017},
  month = jun,
  pages = {219–234}
}

@book{Cox2011,
  title = {Principles of Applied Statistics},
  ISBN = {9781107013599},
  url = {http://dx.doi.org/10.1017/CBO9781139005036},
  DOI = {10.1017/cbo9781139005036},
  publisher = {Cambridge University Press},
  author = {Cox,  D. R. and Donnelly,  Christl A.},
  year = {2011},
  month = jul,
}

@article{Edwards1963,
  title = {Bayesian statistical inference for psychological research.},
  volume = {70},
  ISSN = {0033-295X},
  url = {http://dx.doi.org/10.1037/h0044139},
  DOI = {10.1037/h0044139},
  number = {3},
  journal = {Psychological Review},
  publisher = {American Psychological Association (APA)},
  author = {Edwards,  Ward and Lindman,  Harold and Savage,  Leonard J.},
  year = {1963},
  month = may,
  pages = {193–242}
}

@article{Wasserman2000,
  title = {Bayesian Model Selection and Model Averaging},
  volume = {44},
  ISSN = {0022-2496},
  url = {http://dx.doi.org/10.1006/jmps.1999.1278},
  DOI = {10.1006/jmps.1999.1278},
  number = {1},
  journal = {Journal of Mathematical Psychology},
  publisher = {Elsevier BV},
  author = {Wasserman,  Larry},
  year = {2000},
  month = mar,
  pages = {92–107}
}

@article{Held2018,
  title = {On p-Values and Bayes Factors},
  volume = {5},
  ISSN = {2326-831X},
  url = {http://dx.doi.org/10.1146/annurev-statistics-031017-100307},
  DOI = {10.1146/annurev-statistics-031017-100307},
  number = {1},
  journal = {Annual Review of Statistics and Its Application},
  publisher = {Annual Reviews},
  author = {Held,  Leonhard and Ott,  Manuela},
  year = {2018},
  month = mar,
  pages = {393–419}
}

@article{Albarracn2024,
  title = {Determinants of behaviour and their efficacy as targets of behavioural change interventions},
  volume = {3},
  ISSN = {2731-0574},
  url = {http://dx.doi.org/10.1038/s44159-024-00305-0},
  DOI = {10.1038/s44159-024-00305-0},
  number = {6},
  journal = {Nature Reviews Psychology},
  publisher = {Springer Science and Business Media LLC},
  author = {Albarracín,  Dolores and Fayaz-Farkhad,  Bita and Granados Samayoa,  Javier A.},
  year = {2024},
  month = may,
  pages = {377–392}
}

@article{Wood2024,
  title = {Habits,  Goals,  and Effective Behavior Change},
  volume = {33},
  ISSN = {1467-8721},
  url = {http://dx.doi.org/10.1177/09637214241246480},
  DOI = {10.1177/09637214241246480},
  number = {4},
  journal = {Current Directions in Psychological Science},
  publisher = {SAGE Publications},
  author = {Wood,  Wendy},
  year = {2024},
  month = jun,
  pages = {226–232}
}

@article{Berger2013,
  title = {The Effective Sample Size},
  volume = {33},
  ISSN = {1532-4168},
  url = {http://dx.doi.org/10.1080/07474938.2013.807157},
  DOI = {10.1080/07474938.2013.807157},
  number = {1–4},
  journal = {Econometric Reviews},
  publisher = {Informa UK Limited},
  author = {Berger,  James O. and Bayarri,  M. J. and Pericchi,  L. R.},
  year = {2013},
  month = sep,
  pages = {197–217}
}

@article{Beal1987,
  title = {Asymptotic Confidence Intervals for the Difference between Two Binomial Parameters for Use with Small Samples},
  volume = {43},
  ISSN = {0006-341X},
  url = {http://dx.doi.org/10.2307/2531547},
  DOI = {10.2307/2531547},
  number = {4},
  journal = {Biometrics},
  publisher = {JSTOR},
  author = {Beal,  S. L.},
  year = {1987},
  month = dec,
  pages = {941}
}

@article{Wilks1938,
  title = {The Large-Sample Distribution of the Likelihood Ratio for Testing Composite Hypotheses},
  volume = {9},
  ISSN = {0003-4851},
  url = {http://dx.doi.org/10.1214/aoms/1177732360},
  DOI = {10.1214/aoms/1177732360},
  number = {1},
  journal = {The Annals of Mathematical Statistics},
  publisher = {Institute of Mathematical Statistics},
  author = {Wilks,  S. S.},
  year = {1938},
  month = mar,
  pages = {60–62}
}

@article{Murtaugh2014,
  title = {In defense of P values},
  volume = {95},
  ISSN = {1939-9170},
  url = {http://dx.doi.org/10.1890/13-0590.1},
  DOI = {10.1890/13-0590.1},
  number = {3},
  journal = {Ecology},
  publisher = {Wiley},
  author = {Murtaugh,  Paul A.},
  year = {2014},
  month = mar,
  pages = {611–617}
}

@article{Francis2022,
  title = {Equivalent statistics for a one-sample t-test},
  volume = {55},
  ISSN = {1554-3528},
  url = {http://dx.doi.org/10.3758/s13428-021-01775-3},
  DOI = {10.3758/s13428-021-01775-3},
  number = {1},
  journal = {Behavior Research Methods},
  publisher = {Springer Science and Business Media LLC},
  author = {Francis,  Gregory and Jakicic,  Victoria},
  year = {2022},
  month = mar,
  pages = {77–84}
}

@article{Francis2016,
  title = {Equivalent statistics and data interpretation},
  volume = {49},
  ISSN = {1554-3528},
  url = {http://dx.doi.org/10.3758/s13428-016-0812-3},
  DOI = {10.3758/s13428-016-0812-3},
  number = {4},
  journal = {Behavior Research Methods},
  publisher = {Springer Science and Business Media LLC},
  author = {Francis,  Gregory},
  year = {2016},
  month = oct,
  pages = {1524–1538}
}

@article{Wagenmakers2022,
  title = {Approximate Objective Bayes Factors From P-Values and Sample Size: The 3p√n Rule},
  url = {http://dx.doi.org/10.31234/osf.io/egydq},
  DOI = {10.31234/osf.io/egydq},
  publisher = {Center for Open Science},
  author = {Wagenmakers,  Eric-Jan},
  year = {2022},
  month = jan,
}
